@book{latexcompanion,
    author    = " Gareth James , Daniela Witten , Trevor Hastie , Robert Tibshirani",
    title     = "An Introduction to Statistical Learning with Applications in R",
    year      = "2021",
    publisher = "Springer New York, NY",
    keywords  = "R, R software, statistical learning"
}
@article{LoveJonathon2019JGss,
copyright = {info:eu-repo/semantics/closedAccess},
issn = {1548-7660},
journal = {Journal of statistical software},
keywords = {basic statistics ; bayesian inference ; graphical user interface ; jasp ; statistical software},
language = {eng},
number = {2},
pages = {1-17},
publisher = {Foundation for Open Access Statistics},
title = {JASP: Graphical statistical software for common statistical designs},
volume = {88},
year = {2019},
}